@article{har2014epsilon,
  title={Epsilon-Nets for Halfspaces Revisited},
  author={Har-Peled, Sariel and Kaplan, Haim and Sharir, Micha and Smorodinsky, Shakhar},
  journal={arXiv preprint arXiv:1410.3154},
  year={2014}
}


@article{har2012weighted,
	title={Weighted geometric set cover problems revisited},
	author={Har-Peled, Sariel and Lee, Mira},
	journal={Journal of Computational Geometry},
	volume={3},
	number={1},
	pages={65--85},
	year={2012}
}

@article{Seidel,
	title={Seidel's Randomized Incremental Algorithms for
	 Low-dimension Linear Programming and
	 Convex Hull Construction},
	author={Mao, Jia},
	url = {http://www.ugcs.caltech.edu/~jia/linear_programming.pdf}
}


